

@online{Marco,
	author = {Bonzanini, Marco},
	title = {Mastering Social Media Mining with Python},
	year = 2016,
	url = {http://ebook.pldworld.com/_eBook/-Packt%20Publishing%20Limited-/9781783552016-MASTERING_SOCIAL_MEDIA_MINING_WITH_PYTHON.pdf},

}

@online{TwitterDevDocs,
author = {Twitter Inc.},
	title = {Twitter Developer Platform-Twitter Developers},
	url = {https://developer.twitter.com/en/docs},

}

@inproceedings{Goergen,
 author = {Goergen, David and Migliosi, Angelo and Gurbani, Vijay K. and State, Radu and Engel, Thomas},
 title = {Spatial and Temporal Analysis of Twitter: A Tale of Two Countries},
 booktitle = {Proceedings of the Conference on Principles, Systems and Applications of IP Telecommunications},
 series = {IPTComm '14},
 year = {2014},
 isbn = {978-1-4503-2124-2},
 location = {Chicago, Illinois},
 pages = {5:1--5:6},
 articleno = {5},
 numpages = {6},
 url = {http://doi.acm.org/10.1145/2670386.2670392},
 doi = {10.1145/2670386.2670392},
 acmid = {2670392},
 publisher = {ACM},
 address = {New York, NY, USA},
 keywords = {Twitter},
} 



@inproceedings{Hübl,
 author = {Hübl, F.; Cvetojevic, S.; Hochmair, H.; Paulus, G},
 title = {Analyzing Refugee Migration Patterns Using Geo-tagged Tweets.},
 year = {2017},
 articleno = {6(10):302},
 publisher = {ISPRS International Journal of Geo-Information},
 
}



@inproceedings{Cortis,
 author = {Cortis, Keith and Handschuh, Siegfried},
 title = {Analysis of Cyberbullying Tweets in Trending World Events},
 booktitle = {Proceedings of the 15th International Conference on Knowledge Technologies and Data-driven Business},
 series = {i-KNOW '15},
 year = {2015},
 isbn = {978-1-4503-3721-2},
 location = {Graz, Austria},
 pages = {7:1--7:8},
 articleno = {7},
 numpages = {8},
 url = {http://doi.acm.org/10.1145/2809563.2809605},
 doi = {10.1145/2809563.2809605},
 acmid = {2809605},
 publisher = {ACM},
 address = {New York, NY, USA},
 keywords = {cyberbullying, hashtags, named entities, online posts, social networks, trending world events, tweets, web mining},
} 

@inproceedings{Jamie,
 author = {Jamie Bartlett, Richard Norrie },
 title = {immigration on twitter
understanding public
attitudes online},
 year = {2015},
 publisher = {Demos},
 
}

@article{DBLP,
  author    = {Finn {\AA}rup Nielsen},
  title     = {A new {ANEW:} Evaluation of a word list for sentiment analysis in
               microblogs},
  journal   = {CoRR},
  volume    = {abs/1103.2903},
  year      = {2011},
  url       = {http://arxiv.org/abs/1103.2903},
  archivePrefix = {arXiv},
  eprint    = {1103.2903},
  timestamp = {Mon, 13 Aug 2018 16:46:49 +0200},
  biburl    = {https://dblp.org/rec/bib/journals/corr/abs-1103-2903},
  bibsource = {dblp computer science bibliography, https://dblp.org}
}

@inproceedings{IOM's,
 title = {Big Data and Migration How data innovation can serve migration policymaking.},
 url = {https://publications.iom.int/system/files/pdf/issue_5_big_data_and_migration.pdf},
 year = {2018},
 articleno = {issue No. 5}
}

@Inbook{Böhm2017,
author={B{\"o}hm, A.
and Seifert, C.
and Schl{\"o}tterer, J.
and Granitzer, M.},
chapter={Identifying Tweets from the Economic Domain},
year={2017},
month={16.12.2018},
publisher={Ergon-Verlag},
address={Baden-Baden},
pages={161-166},
isbn={978-3-95650-326-9},
url={https://doi.org/10.5771/9783956503269-161}
}

@inproceedings{Hadgu,
 author = {Hadgu, Asmelash Teka and J\"{a}schke, Robert},
 title = {Identifying and Analyzing Researchers on Twitter},
 booktitle = {Proceedings of the 2014 ACM Conference on Web Science},
 series = {WebSci '14},
 year = {2014},
 isbn = {978-1-4503-2622-3},
 location = {Bloomington, Indiana, USA},
 pages = {23--32},
 numpages = {10},
 url = {http://doi.acm.org/10.1145/2615569.2615676},
 doi = {10.1145/2615569.2615676},
 acmid = {2615676},
 publisher = {ACM},
 address = {New York, NY, USA},
 keywords = {classification, computer science, social network, twitter},
} 


@article{Thompson,
 author = {Thompson, Ken},
 title = {Programming Techniques: Regular Expression Search Algorithm},
 journal = {Commun. ACM},
 issue_date = {June 1968},
 volume = {11},
 number = {6},
 month = jun,
 year = {1968},
 issn = {0001-0782},
 pages = {419--422},
 numpages = {4},
 url = {http://doi.acm.org/10.1145/363347.363387},
 doi = {10.1145/363347.363387},
 acmid = {363387},
 publisher = {ACM},
 address = {New York, NY, USA},
 keywords = {match, regular expression, search},
} 

@mastersthesis{groot2012data,
  title={Data mining for tweet sentiment classification},
  author={Groot, R de},
  year={2012}
}

@book{Manning:2008,
 author = {Manning, Christopher D. and Raghavan, Prabhakar and Sch\"{u}tze, Hinrich},
 title = {Introduction to Information Retrieval},
 year = {2008},
 isbn = {0521865719, 9780521865715},
 publisher = {Cambridge University Press},
 address = {New York, NY, USA},
} 

@book{ManDaniel,
 author = {ManDaniel Jurafsky & James H. Martin.},
 title = {Speech and Language Processing.},
 year = {Draft of August 24, 2015},
} 
 

@book{BirdKleinLoper09,
  abstract = {This book offers a highly accessible introduction to Natural Language Processing, the field that underpins a variety of language technologies ranging from predictive text and email filtering to automatic summarization and translation. Using NLTK, you'll learn how to write Python programs to analyze the structure and meaning of texts, drawing on techniques from the fields of linguistics and artificial intelligence.},
  added-at = {2016-12-06T16:29:36.000+0100},
  address = {Beijing},
  author = {Bird, Steven and Klein, Ewan and Loper, Edward},
  biburl = {https://www.bibsonomy.org/bibtex/2c90dc59441d01c8bef58a947274164d4/flint63},
  doi = {http://my.safaribooksonline.com/9780596516499},
  file = {O'Reilly eBook:2009/BirdKleinLoper09.pdf:PDF;O'Reilly Product page:http\://shop.oreilly.com/product/9780596516499.do:URL;Related Web Site:http\://www.nltk.org/:URL;Safari:https\://www.safaribooksonline.com/library/view/natural-language-processing/9780596803346/:URL},
  groups = {public},
  interhash = {5408d7da097b9cd81239c238da8bfaf4},
  intrahash = {c90dc59441d01c8bef58a947274164d4},
  isbn = {978-0-596-51649-9},
  keywords = {01841 103 book safari ai software development language processing text python framework},
  publisher = {O'Reilly},
  timestamp = {2018-04-16T12:35:20.000+0200},
  title = {Natural Language Processing with Python: Analyzing Text with the Natural Language Toolkit},
  url = {http://www.nltk.org/book},
  username = {flint63},
  year = 2009
} 

@article{Domingos:2012,
 author = {Domingos, Pedro},
 title = {A Few Useful Things to Know About Machine Learning},
 journal = {Commun. ACM},
 issue_date = {October 2012},
 volume = {55},
 number = {10},
 month = oct,
 year = {2012},
 issn = {0001-0782},
 pages = {78--87},
 numpages = {10},
 url = {http://doi.acm.org/10.1145/2347736.2347755},
 doi = {10.1145/2347736.2347755},
 acmid = {2347755},
 publisher = {ACM},
 address = {New York, NY, USA},
} 

@article{scikit-learn,
 title={Scikit-learn: Machine Learning in {P}ython},
 author={Pedregosa, F. and Varoquaux, G. and Gramfort, A. and Michel, V.
         and Thirion, B. and Grisel, O. and Blondel, M. and Prettenhofer, P.
         and Weiss, R. and Dubourg, V. and Vanderplas, J. and Passos, A. and
         Cournapeau, D. and Brucher, M. and Perrot, M. and Duchesnay, E.},
 journal={Journal of Machine Learning Research},
 volume={12},
 pages={2825--2830},
 year={2011}
}





@electronic{pythonpandas,
  added-at = {2011-09-20T15:55:42.000+0200},
  author = {McKinney, Wes},
  biburl = {https://www.bibsonomy.org/bibtex/275e8b174ab45eb43ad05ae0be03a4c23/maxirichter},
  interhash = {9b3008c0c8ef1f6d78160a7c38ea0576},
  intrahash = {75e8b174ab45eb43ad05ae0be03a4c23},
  keywords = {data datamining nocache python},
  timestamp = {2012-01-14T13:56:00.000+0100},
  title = {pandas : powerful Python data analysis toolkit},
  url = {http://pandas.sourceforge.net/},
  year = 2011
}

@inproceedings{Mohammad:2010:EEC:1860631.1860635,
 author = {Mohammad, Saif M. and Turney, Peter D.},
 title = {Emotions Evoked by Common Words and Phrases: Using Mechanical Turk to Create an Emotion Lexicon},
 booktitle = {Proceedings of the NAACL HLT 2010 Workshop on Computational Approaches to Analysis and Generation of Emotion in Text},
 series = {CAAGET '10},
 year = {2010},
 location = {Los Angeles, California},
 pages = {26--34},
 numpages = {9},
 url = {http://dl.acm.org/citation.cfm?id=1860631.1860635},
 acmid = {1860635},
 publisher = {Association for Computational Linguistics},
 address = {Stroudsburg, PA, USA},
} 